<record><leader>00000cas a2200000 a 4500</leader><controlfield tag="001">17869642</controlfield><controlfield tag="008">880429d18871908meuwr ne      0    0eng d</controlfield><datafield ind1=" " ind2=" " tag="010"><subfield code="a">sn 88043108 </subfield></datafield><datafield ind1=" " ind2=" " tag="040"><subfield code="a">CRL</subfield><subfield code="b">eng</subfield><subfield code="c">CRL</subfield><subfield code="d">MBN</subfield><subfield code="d">OCLCQ</subfield><subfield code="d">OCLCF</subfield><subfield code="d">OCLCO</subfield></datafield><datafield ind1=" " ind2=" " tag="042"><subfield code="a">msc</subfield></datafield><datafield ind1=" " ind2=" " tag="043"><subfield code="a">n-us-me</subfield></datafield><datafield ind1="0" ind2=" " tag="130"><subfield code="a">Wave (Kennebunkport, Me.)</subfield></datafield><datafield ind1="1" ind2="4" tag="245"><subfield code="a">The wave.</subfield></datafield><datafield ind1="3" ind2="0" tag="246"><subfield code="a">Kennebunkport and Kennebunk Beach wave</subfield></datafield><datafield ind1=" " ind2=" " tag="260"><subfield code="a">Kennebunkport, Me. :</subfield><subfield code="b">John C. Emmons,</subfield><subfield code="c">1887-1908.</subfield></datafield><datafield ind1=" " ind2=" " tag="300"><subfield code="a">21 v. :</subfield><subfield code="b">ill.</subfield></datafield><datafield ind1=" " ind2=" " tag="310"><subfield code="a">Weekly (during July and Aug.),</subfield><subfield code="b">1896-1908</subfield></datafield><datafield ind1=" " ind2=" " tag="321"><subfield code="a">Semiweekly (during July and Aug.),</subfield><subfield code="b">1887-1895</subfield></datafield><datafield ind1="0" ind2=" " tag="362"><subfield code="a">Vol. 1, no. 1 (July 9, 1887)-v. 21, no. 8 (Aug. 29, 1908).</subfield></datafield><datafield ind1=" " ind2=" " tag="500"><subfield code="a">Publisher varies.</subfield></datafield><datafield ind1=" " ind2=" " tag="530"><subfield code="a">Also issued on microfilm from The Center for Research Libraries.</subfield></datafield><datafield ind1=" " ind2="0" tag="651"><subfield code="a">Kennebunkport (Me.)</subfield><subfield code="v">Newspapers.</subfield></datafield><datafield ind1=" " ind2="7" tag="655"><subfield code="a">Newspapers.</subfield><subfield code="2">fast</subfield><subfield code="0">(OCoLC)fst01423814</subfield></datafield><datafield ind1=" " ind2="7" tag="651"><subfield code="a">Maine</subfield><subfield code="z">Kennebunkport.</subfield><subfield code="2">fast</subfield><subfield code="0">(OCoLC)fst01206686</subfield></datafield><datafield ind1=" " ind2=" " tag="752"><subfield code="a">United States</subfield><subfield code="b">Maine</subfield><subfield code="c">York</subfield><subfield code="d">Kennebunkport.</subfield></datafield></record>